[gd_scene load_steps=7 format=3 uid="uid://qdmwvvk1vlp5"]

[ext_resource type="Script" path="res://damper/Drag.gd" id="1"]
[ext_resource type="Script" path="res://damper/Damper2D.gd" id="2"]
[ext_resource type="Script" path="res://damper/Example.gd" id="3"]
[ext_resource type="Script" path="res://damper/Damped.gd" id="4"]
[ext_resource type="Script" path="res://damper/Grapher.gd" id="5"]
[ext_resource type="Script" path="res://damper/Damper.gd" id="6_nwo1m"]

[node name="Example" type="Node2D"]
script = ExtResource("3")

[node name="Drag" type="Node2D" parent="."]
script = ExtResource("1")

[node name="Damper2D" type="Node2D" parent="Drag"]
script = ExtResource("2")

[node name="Damped" type="Node2D" parent="Drag/Damper2D"]
script = ExtResource("4")

[node name="CanvasLayer" type="CanvasLayer" parent="."]

[node name="UI" type="Control" parent="CanvasLayer"]
anchor_right = 1.0
anchor_bottom = 1.0

[node name="Grapher" type="Line2D" parent="CanvasLayer/UI"]
position = Vector2(0, 392)
width = 3.0
default_color = Color(1, 0, 0, 1)
script = ExtResource("5")

[node name="Base" type="Line2D" parent="CanvasLayer/UI/Grapher"]
z_index = -1
width = 3.0

[node name="Damper" type="Node" parent="CanvasLayer/UI/Grapher"]
script = ExtResource("6_nwo1m")

[node name="F" type="HSlider" parent="CanvasLayer/UI"]
unique_name_in_owner = true
anchor_left = 0.570312
anchor_top = 0.0266667
anchor_right = 0.989258
anchor_bottom = 0.0533333
min_value = 0.1
max_value = 50.0
step = 0.1
value = 0.1
metadata/_edit_use_anchors_ = true
metadata/_edit_layout_mode = 1
metadata/_edit_use_custom_anchors = true

[node name="Label" type="Label" parent="CanvasLayer/UI/F"]
anchor_left = -0.335664
anchor_top = -1.0
anchor_right = -0.027972
anchor_bottom = 1.4375
theme_override_font_sizes/font_size = 26
text = "Frequency"
metadata/_edit_use_anchors_ = true

[node name="Z" type="HSlider" parent="CanvasLayer/UI"]
unique_name_in_owner = true
anchor_left = 0.570312
anchor_top = 0.106667
anchor_right = 0.989258
anchor_bottom = 0.133333
min_value = 0.1
max_value = 30.0
step = 0.1
value = 0.1
metadata/_edit_use_anchors_ = true
metadata/_edit_layout_mode = 1
metadata/_edit_use_custom_anchors = true

[node name="Label" type="Label" parent="CanvasLayer/UI/Z"]
anchor_left = -0.335664
anchor_right = -0.027972
anchor_bottom = 2.4375
theme_override_font_sizes/font_size = 26
text = "Damping"
metadata/_edit_use_anchors_ = true
metadata/_edit_layout_mode = 1
metadata/_edit_use_custom_anchors = true

[node name="R" type="HSlider" parent="CanvasLayer/UI"]
unique_name_in_owner = true
anchor_left = 0.570312
anchor_top = 0.2
anchor_right = 0.989258
anchor_bottom = 0.226667
min_value = -20.0
max_value = 20.0
step = 0.1
metadata/_edit_use_anchors_ = true
metadata/_edit_layout_mode = 1
metadata/_edit_use_custom_anchors = true

[node name="Label" type="Label" parent="CanvasLayer/UI/R"]
anchor_left = -0.335664
anchor_right = -0.027972
anchor_bottom = 2.4375
theme_override_font_sizes/font_size = 26
text = "Response"
metadata/_edit_use_anchors_ = true
metadata/_edit_layout_mode = 1
metadata/_edit_use_custom_anchors = true

[connection signal="value_changed" from="CanvasLayer/UI/F" to="." method="_on_F_value_changed"]
[connection signal="value_changed" from="CanvasLayer/UI/Z" to="." method="_on_Z_value_changed"]
[connection signal="value_changed" from="CanvasLayer/UI/R" to="." method="_on_R_value_changed"]
